@article{stylegan,
  author        = {Tero Karras and
               Samuli Laine and
               Timo Aila},
  title         = {A Style-Based Generator Architecture for Generative Adversarial Networks},
  journal       = {CoRR},
  volume        = {abs/1812.04948},
  year          = {2018},
  url           = {http://arxiv.org/abs/1812.04948},
  archiveprefix = {arXiv},
  eprint        = {1812.04948},
  timestamp     = {Tue, 01 Jan 2019 15:01:25 +0100},
  biburl        = {https://dblp.org/rec/journals/corr/abs-1812-04948.bib},
  bibsource     = {dblp computer science bibliography, https://dblp.org}
}

@misc{goodfellow2014generative,
  title         = {Generative Adversarial Networks},
  author        = {Ian J. Goodfellow and Jean Pouget-Abadie and Mehdi Mirza and Bing Xu and David Warde-Farley and Sherjil Ozair and Aaron Courville and Yoshua Bengio},
  year          = {2014},
  eprint        = {1406.2661},
  archiveprefix = {arXiv},
  primaryclass  = {stat.ML}
}

@misc{shen2020interpreting,
  title         = {Interpreting the Latent Space of GANs for Semantic Face Editing},
  author        = {Yujun Shen and Jinjin Gu and Xiaoou Tang and Bolei Zhou},
  year          = {2020},
  eprint        = {1907.10786},
  archiveprefix = {arXiv},
  primaryclass  = {cs.CV}
}

@misc{pinnimty2020transforming,
  title         = {Transforming Facial Weight of Real Images by Editing Latent Space of StyleGAN},
  author        = {V N S Rama Krishna Pinnimty and Matt Zhao and Palakorn Achananuparp and Ee-Peng Lim},
  year          = {2020},
  eprint        = {2011.02606},
  archiveprefix = {arXiv},
  primaryclass  = {cs.CV}
}

@misc{nguyen2020deep,
  title         = {Deep Learning for Deepfakes Creation and Detection: A Survey},
  author        = {Thanh Thi Nguyen and Cuong M. Nguyen and Dung Tien Nguyen and Duc Thanh Nguyen and Saeid Nahavandi},
  year          = {2020},
  eprint        = {1909.11573},
  archiveprefix = {arXiv},
  primaryclass  = {cs.CV}
}

@article{karkkainen2019fairface,
  title         = {FairFace: Face Attribute Dataset for Balanced Race, Gender, and Age},
  author        = {K{\"a}rkk{\"a}inen, Kimmo and Joo, Jungseock},
  journal       = {arXiv preprint arXiv:1908.04913},
  year          = {2019},
  url           = {https://arxiv.org/abs/1908.04913},
  archiveprefix = {arXiv},
  eprint        = {1908.04913}
}

@article{richardson2020encoding,
  title         = {Encoding in Style: a StyleGAN Encoder for Image-to-Image Translation},
  author        = {Richardson, Elad and Alaluf, Yuval and Patashnik, Or and Nitzan, Yotam and Azar, Yaniv and Shapiro, Stav and Cohen-Or, Daniel},
  journal       = {arXiv preprint arXiv:2008.00951},
  year          = {2020},
  url           = {https://arxiv.org/abs/2008.00951},
  archiveprefix = {arXiv},
  eprint        = {2008.00951}
}

@article{Zhang_2016,
  title     = {Joint Face Detection and Alignment Using Multitask Cascaded Convolutional Networks},
  volume    = {23},
  issn      = {1558-2361},
  url       = {http://dx.doi.org/10.1109/LSP.2016.2603342},
  doi       = {10.1109/lsp.2016.2603342},
  number    = {10},
  journal   = {IEEE Signal Processing Letters},
  publisher = {Institute of Electrical and Electronics Engineers (IEEE)},
  author    = {Zhang, Kaipeng and Zhang, Zhanpeng and Li, Zhifeng and Qiao, Yu},
  year      = {2016},
  month     = {Oct},
  pages     = {1499–1503}
}

@article{SAGONAS20163,
  title    = {300 Faces In-The-Wild Challenge: database and results},
  journal  = {Image and Vision Computing},
  volume   = {47},
  pages    = {3 - 18},
  year     = {2016},
  note     = {300-W, the First Automatic Facial Landmark Detection in-the-Wild Challenge},
  issn     = {0262-8856},
  doi      = {https://doi.org/10.1016/j.imavis.2016.01.002},
  url      = {http://www.sciencedirect.com/science/article/pii/S0262885616000147},
  author   = {Christos Sagonas and Epameinondas Antonakos and Georgios Tzimiropoulos and Stefanos Zafeiriou and Maja Pantic},
  keywords = {Facial landmark localization, Challenge, Semi-automatic annotation tool, Facial database},
}

@article{DBLP:journals/corr/ZhangZL016,
  author        = {Kaipeng Zhang and
               Zhanpeng Zhang and
               Zhifeng Li and
               Yu Qiao},
  title         = {Joint Face Detection and Alignment using Multi-task Cascaded Convolutional
               Networks},
  journal       = {CoRR},
  volume        = {abs/1604.02878},
  year          = {2016},
  url           = {http://arxiv.org/abs/1604.02878},
  archiveprefix = {arXiv},
  eprint        = {1604.02878},
  timestamp     = {Mon, 13 Aug 2018 16:46:42 +0200},
  biburl        = {https://dblp.org/rec/journals/corr/ZhangZL016.bib},
  bibsource     = {dblp computer science bibliography, https://dblp.org}
}

@misc{fairMLHealth,
  title        = {{fairMLHealth: Tools and tutorials for evaluation of fairness and bias in healthcare applications of machine learning models.}},
  author       = {Allen, Christine and Ahmad, Muhammad Eckert, Carly and Hu, Juhua and Kumar, Vikas},
  year         = {2020},
  publisher    = {GitHub},
  journal      = {GitHub repository},
  howpublished = {https://github.com/KenSciResearch/fairMLHealth}
}

@misc{simonyan2015deep,
  title         = {Very Deep Convolutional Networks for Large-Scale Image Recognition},
  author        = {Karen Simonyan and Andrew Zisserman},
  year          = {2015},
  eprint        = {1409.1556},
  archiveprefix = {arXiv},
  primaryclass  = {cs.CV}
}

@inproceedings{9156262,
  author    = {A. {Mashhadi} and S. G. {Winder} and E. H. {Lia} and S. A. {Wood}},
  booktitle = {2020 IEEE International Conference on Pervasive Computing and Communications Workshops (PerCom Workshops)},
  title     = {Quantifying Biases in Social Media Analysis of Recreation in Urban Parks},
  year      = {2020},
  volume    = {},
  number    = {},
  pages     = {1-7},
  doi       = {10.1109/PerComWorkshops48775.2020.9156262},
  issn      = {},
  month     = {March}
}

@article{Selvaraju_2019,
   title={Grad-CAM: Visual Explanations from Deep Networks via Gradient-Based Localization},
   volume={128},
   ISSN={1573-1405},
   url={http://dx.doi.org/10.1007/s11263-019-01228-7},
   DOI={10.1007/s11263-019-01228-7},
   number={2},
   journal={International Journal of Computer Vision},
   publisher={Springer Science and Business Media LLC},
   author={Selvaraju, Ramprasaath R. and Cogswell, Michael and Das, Abhishek and Vedantam, Ramakrishna and Parikh, Devi and Batra, Dhruv},
   year={2019},
   month={Oct},
   pages={336–359}
}

@misc{karras2020analyzing,
      title={Analyzing and Improving the Image Quality of StyleGAN}, 
      author={Tero Karras and Samuli Laine and Miika Aittala and Janne Hellsten and Jaakko Lehtinen and Timo Aila},
      year={2020},
      eprint={1912.04958},
      archivePrefix={arXiv},
      primaryClass={cs.CV}
}
